<record><leader>00000cas a22000007a 4500</leader><controlfield tag="001">11007826</controlfield><controlfield tag="008">840731d18851886mtudr ne      0    0eng d</controlfield><datafield ind1=" " ind2=" " tag="010"><subfield code="a">sn 84036119 </subfield></datafield><datafield ind1=" " ind2=" " tag="040"><subfield code="a">MTL</subfield><subfield code="b">eng</subfield><subfield code="c">MTL</subfield><subfield code="d">OCLCQ</subfield></datafield><datafield ind1=" " ind2=" " tag="042"><subfield code="a">msc</subfield></datafield><datafield ind1="0" ind2=" " tag="130"><subfield code="a">Daily town talk (Butte, Mont.)</subfield></datafield><datafield ind1="1" ind2="4" tag="245"><subfield code="a">The Daily town talk.</subfield></datafield><datafield ind1="1" ind2="3" tag="246"><subfield code="a">Daily free press</subfield></datafield><datafield ind1=" " ind2=" " tag="260"><subfield code="a">Butte City, Mont. :</subfield><subfield code="b">Town Talk Pub. Co.,</subfield><subfield code="c">1885-1886.</subfield></datafield><datafield ind1=" " ind2=" " tag="300"><subfield code="a">2 v. :</subfield><subfield code="b">ill. (chiefly ads.) ;</subfield><subfield code="c">27-60 cm.</subfield></datafield><datafield ind1=" " ind2=" " tag="310"><subfield code="a">Daily (except Sun.)</subfield></datafield><datafield ind1="0" ind2=" " tag="362"><subfield code="a">Vol. 1, no. 1 (June 8, 1885)-v. 2, no. 147 (May 29, 1886).</subfield></datafield><datafield ind1=" " ind2=" " tag="500"><subfield code="a">Published as: Daily free press, Mar. 1-May 29, 1886.</subfield></datafield><datafield ind1=" " ind2=" " tag="500"><subfield code="a">"Independent."</subfield></datafield><datafield ind1=" " ind2=" " tag="500"><subfield code="a">Publisher varies: Town Talk Pub. Co., June 8, 1885-Feb. 27, 1886.--Free Press Pub. Co., Mar. 1-May 29, 1886.</subfield></datafield><datafield ind1=" " ind2=" " tag="752"><subfield code="a">United States</subfield><subfield code="b">Montana</subfield><subfield code="c">Silver Bow</subfield><subfield code="d">Butte.</subfield></datafield><datafield ind1="0" ind2="4" tag="785"><subfield code="t">Butte semi-weekly miner</subfield><subfield code="w">(DLC)sn 84036034</subfield></datafield></record>